4440 5722
1093 140 1287 211 ³⁴

368 475 419 553 as
590 432 601 447 “
1127 412 1327 543 nouas.
1596 493 1602 500 -

1178 661 1297 725 MDVI.

390 845 398 861 ι
469 767 528 827 22.
545 750 581 830 b.
604 748 745 828 Gerra
764 755 936 847 proxime
957 775 1023 850 per
1043 753 1314 854 Portugaienses
1338 759 1375 833 in
1401 755 1519 833 Iridis:
1544 755 1730 854 Ethiopia:
1766 772 1803 835 et
1824 760 1900 836 aliis
1925 758 2084 833 brinate·

367 842 469 962 dibus
489 849 576 949 (su)
602 856 717 928 terris.
750 851 843 927 Haec
860 860 897 927 in
910 850 1023 947 fronte
1037 852 1099 947 soi.
1122 874 1152 929 1.
1171 880 1203 932 a.
1235 855 1302 929 Fri
1312 855 1380 954 seq.
1400 880 1432 930 a
1459 855 1572 933 Gesta
1594 863 1758 953 proxime
1773 859 2083 933 -orientalibus

375 956 481 1020 terns
507 972 526 1022 a
551 949 771 1026 sereniffimo
793 952 993 1027 Emanueie
1021 957 1222 1048 portugalie
1251 972 1337 1049 rege
1363 954 1407 1028 ad
1436 955 1479 1028 R.
1502 957 1537 1032 d.
1567 956 1603 1031 S.
1638 978 1733 1051 epm.
1764 976 1932 1050 portuen.
1963 974 2082 1028 sacro·

375 1043 496 1121 sancte
515 1048 587 1123 Ro.
610 1072 663 1124 ec.
688 1051 902 1126 cardinalem
925 1055 1153 1148 portugalen.
1179 1051 1288 1128 mitia.
1310 1069 1348 1126 et
1365 1052 1525 1128 eiusdem
1548 1055 1609 1129 dni
1627 1058 1813 1129 cardinalis
1834 1055 2001 1129 mandato
2017 1054 2083 1126 ho·

376 1146 550 1219 morabilis
574 1153 642 1222 viri
665 1149 761 1222 Petri
784 1151 916 1224 alfonsi
934 1154 1117 1226 'malherio
1143 1152 1374 1227 decretorum
1399 1152 1561 1226 doctoris
1589 1175 1632 1226 ae
1654 1155 1815 1228 eiusdem
1839 1155 1900 1228 dni
1926 1153 2085 1235 cardina·

347 1242 421 1320 ,lis
439 1245 570 1338 prefati
592 1250 766 1342 capellani
794 1247 966 1323 industria
988 1266 1025 1325 et
1051 1251 1281 1326 correctione
1307 1253 1345 1324 in
1374 1253 1465 1325 urbe
1488 1250 1660 1343 impreiia
1710 1248 1855 1345 In'fine:
1897 1245 2086 1347 Impressurn

378 1336 481 1417 Rama
498 1344 933 1510 pebi‘efioabrmsmgmb'
947 1346 1057 1425 Arane.
1081 1348 1357 1426 mccccch.
1382 1348 1449 1423 Die
1462 1445 1464 1449 Ι
1479 1348 1559 1425 Vll.
1583 1355 1699 1425 meant
1725 1348 1928 1424 Nouembris.
1977 1364 2013 1438 4.

617 1491 639 1536 ,Ι
678 1465 721 1527 eg.
770 1464 813 1510 ec.
880 1462 965 1509 nan.

475 1672 533 1746 4r.
548 1659 582 1732 b.
611 1659 848 1735 Mrnaarnrs
877 1680 1001 1736 noua.
1027 1659 1121 1736 Haec
1136 1687 1208 1738 cunr
1231 1669 1316 1757 irene
1335 1662 1450 1759 Lapat
1468 1663 1565 1734 ubera
1583 1661 1721 1736 Romule
1744 1676 1774 1734 et
1793 1660 1895 1735 Reme
1910 1656 2089 1752 infantione

371 1753 551 1846 praeberetis
561 1756 722 1848 infruitae.
740 1758 856 1855 Incipit
869 1783 889 1832 a
903 1776 989 1852 terge
1003 1765 1099 1852 tiusd.
1108 1760 1184 1854 sabi
1199 1776 1228 1832 et
1243 1767 1436 1833 terrninatnr
1445 1759 1507 1851 soi.
1526 1772 1556 1842 8.
1570 1784 1603 1836 a.
1626 1763 1681 1832 iin.
1696 1775 1753 1844 24.
1766 1763 1880 1856 absque
1891 1757 2088 1853 subscriptio·

376 1867 417 1922 ne
441 1856 505 1926 alia
520 1880 634 1952 quarn:
659 1858 743 1930 Deo
761 1859 901 1953 gratias.
921 1857 992 1930 'Fri
1009 1883 1041 1946 9·
1058 1883 1089 1930 a.
1118 1861 1345 1954 indulgentie
1364 1858 1601 1932 Ecclesrarum
1616 1857 1725 1931 Urbis
1741 1856 1871 1931 Rome.
1890 1878 1963 1929 runa
1979 1856 2086 1927 eadent

365 1944 492 2040 figura.
520 1951 557 2024 A
579 1971 626 2026 rar
648 1980 681 2027 a:
713 1957 756 2030 In
776 1955 844 2031 isto
865 1954 1043 2049 opusculo
1062 1956 1194 2033 dicitur
1220 1959 1408 2052 quomodo
1424 1958 1602 2032 Romulus
1625 1972 1664 2031 et
1685 1956 1820 2029 Remus
1841 1955 1917 2030 nati
1943 1953 2086 2028 suntet

375 2044 521 2124 educati
536 2069 607 2127 etc.
624 1978 838 2130 &remittatur
847 2051 908 2146 soi.
923 2061 981 2140 64.
995 2080 1026 2128 a
1039 2053 1283 2154 subscriptione:
1309 2053 1495 2153 impressum
1507 2056 1608 2129 Rome
1617 2069 1678 2149 per
1686 2052 1881 2128 Marcellum
1891 2054 1991 2127 saber
2004 2053 2087 2122 εἰὶσε

380 2142 521 2223 Franci.
566 2150 754 2225 Annene.
798 2151 853 2226 M.
863 2151 908 2225 D.
921 2151 986 2227 XI.
1027 2155 1086 2228 dt'e.
1134 2154 1234 2228 VIII.
1266 2151 1440 2252 Januatt't'.
1482 2155 1647 2229 Accedunt
1679 2154 1789 2225 iisdem
1821 2156 1904 2247 typis
1938 2173 1954 2221 a
1990 2146 2086 2244 stuba

375 2239 566 2339 separabitis
603 2254 716 2347 absque
741 2249 968 2346 subscriptione
991 2251 1167 2349 sequentia.
1208 2253 1345 2326 Modus
1373 2251 1587 2330 confitendi.
1634 2252 1717 2325 Otus
1744 2257 1831 2325 iaarta
1857 2245 1944 2339 conse
1967 2250 2032 2320 arii
2055 2253 2091 2318 tt

381 2340 556 2436 confitentis
573 2349 625 2419 cui
647 2371 668 2420 a
690 2348 807 2422 dextris
825 2350 965 2422 diabaim
988 2365 1018 2423 et
1040 2373 1061 2421 a
1077 2350 1217 2445 fenestris
1238 2354 1377 2445 angebar.
1395 2349 1467 2443 seii.
1491 2372 1549 2429 12.
1576 2347 1884 2442 Interrogationes
1908 2345 1981 2419 five
1994 2343 2085 2416 doc·

380 2443 477 2515 trine
500 2449 629 2538 quibus
650 2448 801 2549 quilibet
823 2445 985 2540 sacerdos
1009 2447 1118 2525 debet
1134 2453 1354 2543 interrogare
1372 2446 1476 2525 suum
1497 2445 1747 2524 confitentem.
1761 2444 1834 2616 said
1859 2452 1912 2519 16.
1936 2442 2088 2515 Oratio·

379 2556 448 2614 nes
480 2545 598 2619 sancte
635 2545 781 2636 Brigitte
815 2566 899 2620 cum
927 2548 1095 2622 oratione
1121 2547 1231 2623 sancti
1266 2545 1453 2643 augustini.
1481 2543 1547 2634 soii.
1570 2558 1603 2628 8.
1643 2546 1761 2619 Trans
1777 2547 1850 2618 atio
1876 2532 2087 2616 miracutosu

367 2635 542 2745 'Ecclesia
573 2640 764 2717 beatissime
788 2645 935 2761 virginis
953 2644 1070 2719 Marie
1100 2649 1145 2721 de
1165 2645 1312 2722 Loreta.
1342 2643 1414 2738 soii.
1434 2653 1470 2728 8.
1501 2645 1645 2724 Tabula
1663 2641 1863 2721 Christiane
1892 2639 2088 2734 religionis.
2103 2650 2125 2700 ’-

372 2738 446 2838 seii.
468 2750 524 2819 ab
548 2764 684 2902 {aarum
702 2744 852 2816 abimum
868 2756 979 2816 uacat.
1004 2748 1088 2819 Cum
1106 2763 1161 2833 rs.
1183 2742 1266 2841 figg.
1317 2748 1351 2825 8.

341 2886 344 2893 ·
577 2834 694 2904 atteret.
714 2834 811 2918 sescb.

481 2975 540 3045 42.
572 2957 759 3032 Tnosraa
786 2980 839 3032 na
866 2977 938 3032 vro
967 2978 1240 3033 cararaur-
1281 2952 1415 3058 impres
1445 2957 1549 3032 Rome
1574 2971 1635 3053 ptr
1661 2920 1852 3032 Marrubii·
1882 2954 1985 3032 Siiber
2008 2954 2093 3031 abiet

385 3054 512 3132 Franci
537 3061 573 3131 in
594 3074 704 3153 campa
729 3056 825 3130 biara
854 3056 909 3130 M.
922 3061 1073 3136 CCCCC.
1081 3057 1145 3130 XI.
1169 3059 1218 3132 die
1239 3044 1339 3133 XIX.
1365 3056 1572 3132 Nouembris.
1623 3069 1658 3145 4

550 3157 665 3220 Marte.
690 3150 753 3217 rad.
776 3155 818 3221 tr.
840 3172 873 3234 p.
896 3167 964 3224 rra.

481 3290 539 3364 43.
558 3274 592 3346 b.
635 3273 754 3346 Breve
776 3274 889 3368 Jutrr
919 3293 1094 3347 sncuuor
1117 3273 1224 3349 Pont
1248 3292 1340 3346 maa.
1366 3270 1410 3345 ad
1436 3271 1556 3364 Reges
1576 3271 1702 3346 Duces
1724 3285 1764 3342 et
1782 3266 1964 3361 Principes
1992 3268 2093 3361 xpia-

230 3422 232 3429 ·
316 3446 326 3461 ,
382 3389 472 3445 nos:
509 3374 547 3444 in
569 3392 644 3462 quo
665 3374 901 3445 continentur
924 3375 1104 3466 potiores:
1130 3374 1216 3451 licet
1234 3373 1357 3465 piures
1380 3368 1448 3444 srnt
1466 3372 1534 3442 alie
1556 3367 1661 3446 cause
1685 3369 1900 3462 privationis
1922 3365 2094 3441 Cordium

341 3478 348 3491 '
383 3467 472 3545 lium
498 3467 752 3544 Hereric'orum
775 3470 1141 3563 scismaticorumque
1167 3470 1318 3564 (Datum
1344 3487 1406 3556 24·
1429 3467 1582 3543 Octobr.
1616 3469 1736 3562 1511.)
1784 3466 1826 3541 In
1839 3464 1929 3561 fine:
1952 3464 2092 3539 Nullus

378 3564 459 3665 broc
482 3568 601 3642 Breve
623 3570 827 3659 imprimere
856 3567 987 3643 audeat
1009 3566 1074 3643 nib
1099 3566 1180 3662 post
1205 3569 1299 3642 diem
1322 3565 1503 3641 Octavam
1527 3564 1646 3643 aKal.
1672 3562 1859 3639 Novemb.
1879 3583 1962 3637 com
1987 3577 2094 3638 ntan-

278 3753 282 3759 ,
336 3726 339 3733 .
381 3664 486 3743 dnn:
510 3665 583 3740 sme
607 3668 751 3740 lieentia
766 3665 954 3741 secretarii
978 3664 1088 3741 nostri
1109 3667 1299 3742 domestici
1325 3663 1550 3761 sigismundi.
1575 3663 1631 3740 De
1651 3663 1800 3757 mandato
1814 3582 2004 3760 prescribi
2080 3760 2087 3769 .
2149 3734 2154 3738 .

374 3761 438 3860 fici
460 3768 517 3840 dni
543 3766 714 3837 Secretare‘i
734 3763 866 3860 irnpreffi
886 3787 939 3859 ego
963 3761 1109 3860 Jaatas
1126 3766 1166 3839 de
1185 3765 1366 3842 mancus.
1415 3783 1454 3852 4.
1990 3812 1994 3820 -
2071 3768 2075 3773 ’
2149 3800 2154 3809 ’

358 3934 362 3938 ,
439 3942 441 3946 ³
551 3856 697 3924 Bibliotb.
720 3862 800 3942 Reg.
818 3863 883 3929 Sec.
904 3863 1033 3933 mare.

362 4084 383 4113 ‘·
482 4043 598 4159 dnh.
632 4077 886 4156 suburbanum
915 4076 1107 4176 Augustini
1131 3978 1325 4176 chiffl
1346 4077 1530 4155 Btostuaa
1549 4077 1746 4161 Palladium
1769 4077 1928 4182 (prena)
1966 4079 2095 4164 ΚΜ

210 4180 213 4185 ’
255 4238 258 4243 .
360 4184 441 4281 'per
460 4178 626 4281 {secabunt
648 4178 857 4253 Maancbiurn
882 4177 1477 4277 MD.X11.XXV11.Janaartr.
1526 4195 1560 4269 4.

400 4304 406 4313 .
479 4364 540 4433 60.
554 4274 848 4451 fssgpibbgu'dg
873 4294 1073 4433 sigirannus
1089 4352 1314 4431 illustrissimo
1332 4375 1374 4431 ac
1393 4353 1685 4432 reverendissimo
1701 4350 1886 4432 Gurcensi
1911 4356 2092 4438 creasses

385 4456 503 4535 cotim
525 4455 647 4533 ltaliae
672 4457 821 4536 Vicario
841 4458 967 4538 urbem
988 4455 1247 4557 ingredientem
1266 4455 1406 4541 auius.
1431 4457 1599 4537 erasme
1621 4453 1713 4556 (sir)
1739 4456 2009 4538 Vatnurauus
2023 4461 2093 4536 Pe·

2028 4571 2092 4640 ΠΟ
