4440 5722
803 527 1059 611 vanains.
1342 536 1344 541 ·
1375 464 1392 495 ”
1744 555 1813 632 32·
1844 524 1890 643 ‘j

85 810 171 891 MD
172 723 299 915 152ng
318 722 493 858 Jorrrnrs
521 735 712 798 teneant
738 721 860 818 Opera
880 729 1034 805 omnin·
1071 724 1209 802 Veneriis
1225 742 1287 822 per
1310 727 1548 803 Barnariintrrn
1569 726 1791 827 Verceitensear
1859 754 1886 833 ,-

253 927 349 993 caat.
373 927 454 992 arar.
475 926 587 1013 cartes.
606 944 640 1014 p.
663 939 736 1011 4⁶0.

180 1074 238 1146 55.
258 1059 291 1129 b.
334 1059 538 1131 Preclarum
565 1057 780 1148 opuscutum
808 1059 1006 1134 Drontsrr
1034 1076 1310 1135 retornetis.
1344 1061 1405 1139 De
1425 1060 1557 1136 divinis
1579 1062 1787 1137 nominibus

83 1150 244 1227 Marinio
269 1156 297 1229 F
299 1158 397 1229 icino
418 1161 620 1247 interprete·
635 1155 931 1249 impreffloneque
954 1178 1052 1229 nova
1074 1158 1308 1233 luculentum.
1360 1160 1402 1231 ln
1414 1158 1501 1251 fine:
1526 1157 1712 1257 irnpnffirrn
1729 1165 1786 1232 Ve-

84 1257 176 1322 netiis
195 1254 295 1326 Anno
317 1277 338 1325 a
357 1261 526 1326 nativitate
549 1259 604 1347 arpi
632 1273 733 1339 1501.
759 1270 870 1349 quarto
895 1277 994 1326 nanas
1017 1258 1139 1348 aprilis.
1166 1253 1315 1350 dmprnfis
1335 1257 1429 1331 Petri
1444 1257 1681 1353 Lietbtenstryn
1697 1255 1785 1354 (fic)

84 1351 269 1446 teloniarii.
295 1364 365 1423 arte
386 1367 493 1424 antem
515 1357 691 1443 raingario
719 1349 837 1450 Jaaadi
857 1354 894 1426 de
918 1351 1054 1424 aaran
1082 1349 1183 1424 dinis.
1233 1370 1267 1439 4.

181 1463 185 1467 ’
253 1459 397 1524 errrore.
419 1458 514 1542 psat.
802 1496 805 1501 -

179 1588 239 1669 37.
257 1581 292 1654 b.
318 1581 499 1653 Miasena
525 1577 721 1655 secundum
742 1600 880 1655 morem
903 1580 1070 1654 Romane
1096 1581 1208 1655 curie.
1235 1575 1338 1679 Jnffit
1352 1595 1383 1655 et
1396 1578 1540 1678 inponis
1553 1580 1691 1657 Antonii
1703 1583 1786 1656 aaa

84 1677 233 1770 gtmenfis
259 1680 295 1750 de
320 1679 455 1751 Zencbr's
467 1675 558 1770 felici
581 1684 711 1750 nurnine
736 1682 888 1772 expiatam
914 1679 963 1768 est.
990 1685 1024 1752 in
1055 1678 1260 1751 Veratianum
1281 1683 1357 1751 arbe
1375 1685 1512 1776 inclyta,
1538 1680 1705 1774 Ragnante
1718 1684 1785 1756 cia·

85 1774 193 1872 ψη)
212 1775 550 1962 prggfoerbfflfflm
564 1774 751 1850 Barbedt'co.
769 1776 869 1901 Anna
883 1780 1065 1850 nativitatis
1079 1772 1331 1872 rhnfiianffrne.
1360 1794 1465 1868 1501.
1480 1778 1562 1852 nats
1576 1777 1714 1877 Jnnies.
1747 1794 1785 1865 4,

179 2008 236 2094 ds.
262 2003 367 2078 Caro
395 2023 538 2077 aetrno
570 2000 722 2075 Veronese
745 2001 860 2079 Libro
879 2003 938 2079 De
960 2000 1138 2078 Lbistoria
1164 2000 1349 2080 Naturale.
1374 2001 1435 2079 Ad
1455 2000 1786 2096 Tnbvrspanano

88 2101 305 2197 Imperatore
330 2103 442 2176 Libro
465 2101 586 2175 Primo
610 2098 808 2176 Comincia.
836 2101 928 2174 Hera
950 2107 986 2174 in
1002 2098 1112 2192 fronte
1127 2099 1187 2191 foi.
1214 2123 1243 2173 1.
1258 2128 1290 2177 a.
1317 2102 1384 2175 Fri.
1400 2121 1432 2178 2.
1446 2124 1480 2180 a.
1506 2098 1663 2175 Historia
1681 2117 1785 2176 natu·

88 2205 157 2274 tale
178 2203 213 2276 di
244 2203 290 2276 C.
316 2201 352 2274 P.
378 2199 569 2273 Saconno
605 2199 769 2273 madocta
796 2198 831 2271 di
857 2201 978 2293 lingua
1000 2202 1108 2274 latina
1136 2202 1175 2272 in
1202 2199 1396 2274 florentina
1430 2219 1494 2294 per
1516 2198 1786 2293 christophoro
1810 2288 1816 2294 .

87 2298 250 2375 iandnm
279 2297 309 2374 F
312 2301 494 2385 iorentino
518 2301 552 2372 al
577 2293 792 2370 sereniffimo
815 2293 1045 2371 Ferdinando
1075 2298 1129 2371 Re
1152 2299 1190 2370 in
1215 2298 1363 2392 Napoli.
1388 2296 1592 2370 Prohemio.
1640 2296 1682 2370 In
1696 2295 1790 2388 stne:

87 2394 220 2471 Finisse
245 2400 270 2472 il
296 2396 409 2471 Libro
433 2398 610 2470 chiamato
636 2395 752 2469 Plinio
774 2394 943 2489 Vulgare.
975 2392 1122 2491 Impreffa
1146 2400 1181 2465 in
1211 2396 1343 2469 Vanesia
1364 2409 1425 2488 per
1458 2395 1610 2467 Uicetini
1634 2393 1676 2466 da
1706 2394 1789 2469 Vara
1870 2404 1872 2409 ’

88 2500 151 2664 egit·
172 2521 212 2569 ne
234 2500 329 2682 ianfna
353 2497 432 2568 detta
459 2492 618 2568 Nativita
641 2491 691 2567 dri
711 2491 814 2587 nestro
840 2495 972 2588 Signata
995 2490 1082 2590 Jesn
1106 2493 1237 2590 confla.
1264 2491 1517 2569 MCCCCCJ.
1538 2492 1587 2566 die
1608 2488 1728 2572 xrttr:
1753 2491 1803 2566 tt·

123 2596 235 2671 ttrite.
299 2595 336 2665 ab
543 2644 547 2651 -
933 2662 938 2668 .

251 2698 395 2766 Brittan.
417 2696 593 2784 Baeifiena.

113 2820 116 2825 ’
181 2825 238 2912 65.
257 2824 292 2896 b.
324 2821 509 2895 Tironem
535 2836 770 2914 eournenrs
797 2818 836 2892 io
858 2806 1066 2893 Aristotelia
1087 2817 1217 2896 librum
1242 2817 1289 2894 de
1311 2819 1438 2899 noima.
1492 2819 1630 2893 Veneriis
1642 2830 1704 2915 prr
1724 2815 1790 2893 Pe·

86 2936 171 2996 nnn
194 2919 430 3022 Brrganensrm
457 2919 493 2991 de
522 2916 717 3020 erngns
740 2912 850 2990 MDI.
878 2911 942 3007 foi.
1397 2924 1400 2929 “

226 3040 229 3045 ’
253 3025 395 3095 aratori.
418 3025 591 3110 Noetdiirrg.
1297 3030 1312 3071 Ι

180 3173 240 3249 75.
253 3157 288 3230 b.
303 3155 367 3229 'La
386 3174 523 3230 summa
546 3152 660 3247 gloria
678 3152 715 3226 di
730 3151 888 3227 Venetia
911 3171 984 3227 eon
1004 3153 1038 3226 la
1061 3150 1197 3248 summa
1217 3151 1265 3228 de
1284 3152 1319 3225 ie
1334 3169 1401 3226 sue
1417 3152 1601 3229 victorier'
1613 3155 1788 3234 nobilita:

88 3259 202 3352 presit
232 3253 429 3347 edignita:
469 3268 506 3326 et
525 3248 652 3325 officii:
679 3266 718 3326 et
736 3253 826 3325 altre
849 3247 1058 3325 nobilissime
1078 3249 1216 3326 illustre
1237 3270 1324 3323 cose
1347 3251 1382 3323 di
1403 3270 1470 3323 sue
1492 3254 1640 3327 laudee
1673 3257 1791 3350 glorie

87 3376 192 3430 come
220 3373 269 3427 ne
300 3355 336 3426 ia
365 3353 535 3445 presente
569 3364 735 3440 operetta
766 3368 806 3420 se
830 3350 1012 3422 contiene.
1051 3351 1162 3425 Dicta
1195 3345 1246 3421 est
1276 3347 1438 3420 Gaonre
1467 3369 1647 3425 cronrca
1677 3370 1790 3428 nova

89 3452 360 3529 veneronum.
411 3450 453 3521 In
467 3446 556 3541 fine:
586 3442 795 3521 Franciscus
814 3444 861 3517 de
894 3445 1046 3539 Alegris.
1071 3443 1301 3540 q.'clatiffimi
1328 3446 1477 3518 laureati
1504 3462 1615 3543 poete
1640 3450 1801 3543 peregri--

87 3551 126 3626 ni
151 3551 219 3623 &e
256 3549 324 3623 Per
346 3549 456 3639 gratia
483 3546 615 3618 babuta
637 3544 717 3618 dela
738 3539 966 3617 ttrustriffima
988 3542 1023 3617 S.
1045 3544 1090 3617 de
1113 3544 1271 3618 Venetia
1295 3543 1364 3616 che
1397 3547 1512 3618 niuno
1539 3545 1738 3640 stampador
1764 3539 1791 3620 ss

86 3653 125 3724 in
145 3648 355 3723 venetia-
384 3661 422 3717 et
449 3663 578 3735 questo
599 3660 664 3733 per
687 3644 772 3717 anni
792 3643 922 3736 cinque
950 3642 1107 3735 proximi
1130 3642 1199 3718 che
1223 3640 1321 3716 bano
1345 3642 1513 3739 auegnise
1543 3646 1645 3720 adie
1671 3646 1825 3740 primo*
1894 3706 1898 3711 .

88 3747 221 3827 marcii
246 3744 461 3817 MCCCCC.
474 3744 500 3815 Ι.
527 3741 625 3814 Finin
675 3759 711 3828 4.
1123 3751 1125 3755 ’

255 3851 334 3924 etit.
356 3858 429 3938 tog.
451 3857 559 3922 Seriet.
581 3850 711 3922 Landin.

891 3935 999 4037 nnnj

185 4077 245 4164 83.
260 4069 297 4148 b.
338 4067 533 4147 Sermones
561 4065 876 4164 quadragesimales
905 4057 1181 4161 praeciniffinri:
1216 4063 1371 4143 madido
1394 4062 1435 4144 it
1455 4062 1673 4145 ornatiffirno
1696 4063 1793 4147 stilio

91 4167 177 4247 editi
206 4169 251 4242 ab
277 4169 410 4241 eximio
433 4166 546 4239 divini
573 4166 675 4239 verbi
704 4186 884 4260 praecone
912 4165 1021 4240 fratre
1048 4163 1291 4240 Cnanuarno
1314 4187 1367 4239 oa
1392 4185 1575 4241 seoaaro
1608 4169 1699 4243 Ordi.
1723 4167 1794 4243 dn.

89 4271 247 4362 regutaris
269 4265 492 4362 observantiae.
519 4266 735 4356 evangelicis
759 4265 1063 4359 praedicatoribus
1085 4268 1307 4357 caeterisque
1330 4259 1497 4338 fidenam
1516 4264 1709 4341 admodum
1724 4266 1798 4342 uti·

91 4369 145 4442 ies
175 4365 234 4438 hie
256 4361 436 4437 foeliciter
464 4366 696 4438 continentur
718 4364 802 4437 Deo
827 4365 874 4438 Ο.
896 4362 951 4438 Μ.
974 4363 1081 4455 Opus
1122 4362 1260 4439 Venatiis
1295 4383 1367 4435 ann
1396 4359 1572 4456 Ptioiirgia
1594 4359 1793 4460 Inpreffarn.
1845 4424 1850 4431 .

94 4466 245 4561 septim
267 4458 428 4554 Epistola
447 4461 607 4538 auctoris
632 4462 676 4538 ad
696 4460 778 4541 irat.
799 4460 950 4540 Hieron.
976 4458 1209 4545 Torniellum
1229 4457 1347 4559 eiusd,
1371 4457 1455 4546 ord.
1480 4480 1523 4539 ac
1546 4463 1659 4554 totius
1674 4458 1801 4543 obiam,

133 4568 518 4669 mmmmm
914 4554 1002 4633 'E
1517 4578 1521 4585 ⁴
1617 4676 1623 4687 .
1704 4573 1799 4636 vanc
